@article{ghobakhloo2020industry,
  title={Industry 4.0, digitization, and opportunities for sustainability},
  author={Ghobakhloo, Morteza},
  journal={Journal of cleaner production},
  volume={252},
  pages={119869},
  year={2020},
  publisher={Elsevier}
}

@article{rose2015internet,
  title={The internet of things: An overview},
  author={Rose, Karen and Eldridge, Scott and Chapin, Lyman},
  journal={The internet society (ISOC)},
  volume={80},
  pages={1--50},
  year={2015},
  publisher={Reston, VA}
}

@article{li2015internet,
  title={The internet of things: a survey},
  author={Li, Shancang and Xu, Li Da and Zhao, Shanshan},
  journal={Information systems frontiers},
  volume={17},
  pages={243--259},
  year={2015},
  publisher={Springer}
}

@article{sisinni2018industrial,
  title={Industrial internet of things: Challenges, opportunities, and directions},
  author={Sisinni, Emiliano and Saifullah, Abusayeed and Han, Song and Jennehag, Ulf and Gidlund, Mikael},
  journal={IEEE transactions on industrial informatics},
  volume={14},
  number={11},
  pages={4724--4734},
  year={2018},
  publisher={IEEE}
}

@article{ge2018big,
  title={Big data for internet of things: a survey},
  author={Ge, Mouzhi and Bangui, Hind and Buhnova, Barbora},
  journal={Future generation computer systems},
  volume={87},
  pages={601--614},
  year={2018},
  publisher={Elsevier}
}

@inproceedings{di2019industrial,
  title={Industrial internet of things: persistence for time series with NoSQL databases},
  author={Di Martino, Sergio and Fiadone, Luca and Peron, Adriano and Riccabone, Alberto and Vitale, Vincenzo Norman},
  booktitle={2019 IEEE 28th International Conference on Enabling Technologies: Infrastructure for Collaborative Enterprises (WETICE)},
  pages={340--345},
  year={2019},
  organization={IEEE}
}

@article{ronkainen2015designing,
  title={Designing a data management pipeline for pervasive sensor communication systems},
  author={Ronkainen, Jussi and Iivari, Antti},
  journal={Procedia Computer Science},
  volume={56},
  pages={183--188},
  year={2015},
  publisher={Elsevier}
}

@techreport{ge2012riseofindustrial,
  author      = {Platforms G I.},
  institution = {GE Intelligent Platforms},
  title       = {The rise of industrial big data},
  year        = {2012}
}

@article{jensen2017time,
  title={Time series management systems: A survey},
  author={Jensen, S{\o}ren Kejser and Pedersen, Torben Bach and Thomsen, Christian},
  journal={IEEE Transactions on Knowledge and Data Engineering},
  volume={29},
  number={11},
  pages={2581--2600},
  year={2017},
  publisher={IEEE}
}

@article{wang2023apache,
  title={Apache IoTDB: A Time Series Database for IoT Applications},
  author={Wang, Chen and Qiao, Jialin and Huang, Xiangdong and Song, Shaoxu and Hou, Haonan and Jiang, Tian and Rui, Lei and Wang, Jianmin and Sun, Jiaguang},
  journal={Proceedings of the ACM on Management of Data},
  volume={1},
  number={2},
  pages={1--27},
  year={2023},
  publisher={ACM New York, NY, USA}
}

@article{manson2005java,
  title={The Java memory model},
  author={Manson, Jeremy and Pugh, William and Adve, Sarita V},
  journal={ACM SIGPLAN Notices},
  volume={40},
  number={1},
  pages={378--391},
  year={2005},
  publisher={ACM New York, NY, USA}
}

@article{silberschatz2011database,
  title={Database system concepts},
  author={Silberschatz, Abraham and Korth, Henry F and Sudarshan, Shashank},
  year={2011},
  publisher={McGraw-Hill Education}
}

@article{liu2019benchmarking,
  title={Benchmarking time series databases with IoTDB-benchmark for IoT scenarios},
  author={Liu, Rui and Yuan, Jun},
  journal={arXiv preprint arXiv:1901.08304},
  year={2019}
}

@article{wang2008survey,
  title={A survey on the history of transaction management: from flat to grid transactions},
  author={Wang, Ting and Vonk, Jochem and Kratz, Benedikt and Grefen, Paul},
  journal={Distributed and Parallel Databases},
  volume={23},
  pages={235--270},
  year={2008},
  publisher={Springer}
}

@article{wang2005historic,
  title={A historic survey of transaction management from flat to grid transactions},
  author={Wang, Ting and Grefen, PWPJ},
  year={2005},
  publisher={Technische Universiteit Eindhoven}
}

@inproceedings{gray1981transaction,
  title={The transaction concept: Virtues and limitations},
  author={Gray, Jim and others},
  booktitle={VLDB},
  volume={81},
  pages={144--154},
  year={1981}
}

@online{openai2023gpt4,
  author = {OpenAI},
  title = {OpenAI introduces GPT-4},
  year = {2023},
  url = {https://openai.com/gpt-4},
  urldate = {2024-03-07}
}

@book{klas1992database,
  title={Database transaction models for advanced applications},
  author={Klas, Wolfgang and Elmagarmid, Ahmed K},
  year={1992}
}

@incollection{breitbart2010overview,
  title={Overview of multidatabase transaction management},
  author={Breitbart, Yuri and Garcia-Molina, Hector and Silberschatz, Avi},
  booktitle={CASCON First Decade High Impact Papers},
  pages={93--126},
  year={2010}
}

@misc{weikum1992concepts,
  title={Concepts and applications of multilevel transactions and open nested transactions},
  author={Weikum, Gerhard and Schek, Hans-J{\"o}rg},
  year={1992},
  publisher={Citeseer}
}